<?xml version="1.0" encoding="UTF-8"?><collection xmlns="http://www.loc.gov/MARC21/slim"><record><leader>00408nam--2200133-i-4500</leader><controlfield tag="001">000013815</controlfield><controlfield tag="002">20161230</controlfield><controlfield tag="005">20161230201030</controlfield><controlfield tag="008">060222s1000------------r-----000-0-eng-d</controlfield><datafield ind1=" " ind2=" " tag="080"><subfield code="a">550.34(469)</subfield></datafield><datafield ind1=" " ind2=" " tag="100"><subfield code="a">Bensaude, Alfred Et Choffat, Paul</subfield></datafield><datafield ind1=" " ind2=" " tag="245"><subfield code="a">Etudes sur le seisme du ribatejo du 23 avril 1909</subfield></datafield><datafield ind1=" " ind2=" " tag="260"><subfield code="a">Lisbonne, Commission Du Service Geologique Du Portugal, 1911. 145 P. + 6 Fig</subfield></datafield><datafield ind1=" " ind2=" " tag="852"><subfield code="a">47567</subfield></datafield></record></collection>